%YAML 1.1
%TAG !u! tag:unity3d.com,2011:
--- !u!29 &1
OcclusionCullingSettings:
  m_ObjectHideFlags: 0
  serializedVersion: 2
  m_OcclusionBakeSettings:
    smallestOccluder: 5
    smallestHole: 0.25
    backfaceThreshold: 100
  m_SceneGUID: 00000000000000000000000000000000
  m_OcclusionCullingData: {fileID: 0}
--- !u!104 &2
RenderSettings:
  m_ObjectHideFlags: 0
  serializedVersion: 9
  m_Fog: 0
  m_FogColor: {r: 0.5, g: 0.5, b: 0.5, a: 1}
  m_FogMode: 3
  m_FogDensity: 0.01
  m_LinearFogStart: 0
  m_LinearFogEnd: 300
  m_AmbientSkyColor: {r: 0.212, g: 0.227, b: 0.259, a: 1}
  m_AmbientEquatorColor: {r: 0.114, g: 0.125, b: 0.133, a: 1}
  m_AmbientGroundColor: {r: 0.047, g: 0.043, b: 0.035, a: 1}
  m_AmbientIntensity: 1
  m_AmbientMode: 3
  m_SubtractiveShadowColor: {r: 0.42, g: 0.478, b: 0.627, a: 1}
  m_SkyboxMaterial: {fileID: 0}
  m_HaloStrength: 0.5
  m_FlareStrength: 1
  m_FlareFadeSpeed: 3
  m_HaloTexture: {fileID: 0}
  m_SpotCookie: {fileID: 10001, guid: 0000000000000000e000000000000000, type: 0}
  m_DefaultReflectionMode: 0
  m_DefaultReflectionResolution: 128
  m_ReflectionBounces: 1
  m_ReflectionIntensity: 1
  m_CustomReflection: {fileID: 0}
  m_Sun: {fileID: 0}
  m_IndirectSpecularColor: {r: 0, g: 0, b: 0, a: 1}
  m_UseRadianceAmbientProbe: 0
--- !u!157 &3
LightmapSettings:
  m_ObjectHideFlags: 0
  serializedVersion: 11
  m_GIWorkflowMode: 1
  m_GISettings:
    serializedVersion: 2
    m_BounceScale: 1
    m_IndirectOutputScale: 1
    m_AlbedoBoost: 1
    m_EnvironmentLightingMode: 0
    m_EnableBakedLightmaps: 0
    m_EnableRealtimeLightmaps: 0
  m_LightmapEditorSettings:
    serializedVersion: 12
    m_Resolution: 2
    m_BakeResolution: 40
    m_AtlasSize: 1024
    m_AO: 0
    m_AOMaxDistance: 1
    m_CompAOExponent: 1
    m_CompAOExponentDirect: 0
    m_ExtractAmbientOcclusion: 0
    m_Padding: 2
    m_LightmapParameters: {fileID: 0}
    m_LightmapsBakeMode: 1
    m_TextureCompression: 1
    m_FinalGather: 0
    m_FinalGatherFiltering: 1
    m_FinalGatherRayCount: 256
    m_ReflectionCompression: 2
    m_MixedBakeMode: 2
    m_BakeBackend: 0
    m_PVRSampling: 1
    m_PVRDirectSampleCount: 32
    m_PVRSampleCount: 500
    m_PVRBounces: 2
    m_PVREnvironmentSampleCount: 500
    m_PVREnvironmentReferencePointCount: 2048
    m_PVRFilteringMode: 2
    m_PVRDenoiserTypeDirect: 0
    m_PVRDenoiserTypeIndirect: 0
    m_PVRDenoiserTypeAO: 0
    m_PVRFilterTypeDirect: 0
    m_PVRFilterTypeIndirect: 0
    m_PVRFilterTypeAO: 0
    m_PVREnvironmentMIS: 0
    m_PVRCulling: 1
    m_PVRFilteringGaussRadiusDirect: 1
    m_PVRFilteringGaussRadiusIndirect: 5
    m_PVRFilteringGaussRadiusAO: 2
    m_PVRFilteringAtrousPositionSigmaDirect: 0.5
    m_PVRFilteringAtrousPositionSigmaIndirect: 2
    m_PVRFilteringAtrousPositionSigmaAO: 1
    m_ExportTrainingData: 0
    m_TrainingDataDestination: TrainingData
  m_LightingDataAsset: {fileID: 0}
  m_UseShadowmask: 1
--- !u!196 &4
NavMeshSettings:
  serializedVersion: 2
  m_ObjectHideFlags: 0
  m_BuildSettings:
    serializedVersion: 2
    agentTypeID: 0
    agentRadius: 0.5
    agentHeight: 2
    agentSlope: 45
    agentClimb: 0.4
    ledgeDropHeight: 0
    maxJumpAcrossDistance: 0
    minRegionArea: 2
    manualCellSize: 0
    cellSize: 0.16666667
    manualTileSize: 0
    tileSize: 256
    accuratePlacement: 0
    debug:
      m_Flags: 0
  m_NavMeshData: {fileID: 0}
--- !u!114 &19930691 stripped
MonoBehaviour:
  m_CorrespondingSourceObject: {fileID: 7640816052503723680, guid: f88da790f989ef349bcc1a5372042f7a,
    type: 3}
  m_PrefabInstance: {fileID: 3751805168594701471}
  m_PrefabAsset: {fileID: 0}
  m_GameObject: {fileID: 0}
  m_Enabled: 1
  m_EditorHideFlags: 0
  m_Script: {fileID: 11500000, guid: bbc09f0cf3c6d084da013287c9a580d9, type: 3}
  m_Name: 
  m_EditorClassIdentifier: 
--- !u!1 &61702061
GameObject:
  m_ObjectHideFlags: 0
  m_CorrespondingSourceObject: {fileID: 0}
  m_PrefabInstance: {fileID: 0}
  m_PrefabAsset: {fileID: 0}
  serializedVersion: 6
  m_Component:
  - component: {fileID: 61702068}
  - component: {fileID: 61702067}
  - component: {fileID: 61702066}
  - component: {fileID: 61702065}
  - component: {fileID: 61702064}
  - component: {fileID: 61702063}
  - component: {fileID: 61702062}
  m_Layer: 0
  m_Name: Flappy Bird
  m_TagString: Untagged
  m_Icon: {fileID: 0}
  m_NavMeshLayer: 0
  m_StaticEditorFlags: 0
  m_IsActive: 1
--- !u!114 &61702062
MonoBehaviour:
  m_ObjectHideFlags: 0
  m_CorrespondingSourceObject: {fileID: 0}
  m_PrefabInstance: {fileID: 0}
  m_PrefabAsset: {fileID: 0}
  m_GameObject: {fileID: 61702061}
  m_Enabled: 1
  m_EditorHideFlags: 0
  m_Script: {fileID: 11500000, guid: 4b699e2139f43e442b068d111a83af78, type: 3}
  m_Name: 
  m_EditorClassIdentifier: 
  JumpForce: 150
  isDead: 0
--- !u!82 &61702063
AudioSource:
  m_ObjectHideFlags: 0
  m_CorrespondingSourceObject: {fileID: 0}
  m_PrefabInstance: {fileID: 0}
  m_PrefabAsset: {fileID: 0}
  m_GameObject: {fileID: 61702061}
  m_Enabled: 1
  serializedVersion: 4
  OutputAudioMixerGroup: {fileID: 0}
  m_audioClip: {fileID: 0}
  m_PlayOnAwake: 1
  m_Volume: 1
  m_Pitch: 1
  Loop: 0
  Mute: 0
  Spatialize: 0
  SpatializePostEffects: 0
  Priority: 128
  DopplerLevel: 1
  MinDistance: 1
  MaxDistance: 500
  Pan2D: 0
  rolloffMode: 0
  BypassEffects: 0
  BypassListenerEffects: 0
  BypassReverbZones: 0
  rolloffCustomCurve:
    serializedVersion: 2
    m_Curve:
    - serializedVersion: 3
      time: 0
      value: 1
      inSlope: 0
      outSlope: 0
      tangentMode: 0
      weightedMode: 0
      inWeight: 0.33333334
      outWeight: 0.33333334
    - serializedVersion: 3
      time: 1
      value: 0
      inSlope: 0
      outSlope: 0
      tangentMode: 0
      weightedMode: 0
      inWeight: 0.33333334
      outWeight: 0.33333334
    m_PreInfinity: 2
    m_PostInfinity: 2
    m_RotationOrder: 4
  panLevelCustomCurve:
    serializedVersion: 2
    m_Curve:
    - serializedVersion: 3
      time: 0
      value: 0
      inSlope: 0
      outSlope: 0
      tangentMode: 0
      weightedMode: 0
      inWeight: 0.33333334
      outWeight: 0.33333334
    m_PreInfinity: 2
    m_PostInfinity: 2
    m_RotationOrder: 4
  spreadCustomCurve:
    serializedVersion: 2
    m_Curve:
    - serializedVersion: 3
      time: 0
      value: 0
      inSlope: 0
      outSlope: 0
      tangentMode: 0
      weightedMode: 0
      inWeight: 0.33333334
      outWeight: 0.33333334
    m_PreInfinity: 2
    m_PostInfinity: 2
    m_RotationOrder: 4
  reverbZoneMixCustomCurve:
    serializedVersion: 2
    m_Curve:
    - serializedVersion: 3
      time: 0
      value: 1
      inSlope: 0
      outSlope: 0
      tangentMode: 0
      weightedMode: 0
      inWeight: 0.33333334
      outWeight: 0.33333334
    m_PreInfinity: 2
    m_PostInfinity: 2
    m_RotationOrder: 4
--- !u!50 &61702064
Rigidbody2D:
  serializedVersion: 4
  m_ObjectHideFlags: 0
  m_CorrespondingSourceObject: {fileID: 0}
  m_PrefabInstance: {fileID: 0}
  m_PrefabAsset: {fileID: 0}
  m_GameObject: {fileID: 61702061}
  m_BodyType: 0
  m_Simulated: 0
  m_UseFullKinematicContacts: 0
  m_UseAutoMass: 0
  m_Mass: 1
  m_LinearDrag: 0
  m_AngularDrag: 0.05
  m_GravityScale: 1
  m_Material: {fileID: 0}
  m_Interpolate: 0
  m_SleepingMode: 1
  m_CollisionDetection: 0
  m_Constraints: 0
--- !u!58 &61702065
CircleCollider2D:
  m_ObjectHideFlags: 0
  m_CorrespondingSourceObject: {fileID: 0}
  m_PrefabInstance: {fileID: 0}
  m_PrefabAsset: {fileID: 0}
  m_GameObject: {fileID: 61702061}
  m_Enabled: 1
  m_Density: 1
  m_Material: {fileID: 0}
  m_IsTrigger: 0
  m_UsedByEffector: 0
  m_UsedByComposite: 0
  m_Offset: {x: 0, y: 0}
  serializedVersion: 2
  m_Radius: 0.195
--- !u!95 &61702066
Animator:
  serializedVersion: 3
  m_ObjectHideFlags: 0
  m_CorrespondingSourceObject: {fileID: 0}
  m_PrefabInstance: {fileID: 0}
  m_PrefabAsset: {fileID: 0}
  m_GameObject: {fileID: 61702061}
  m_Enabled: 1
  m_Avatar: {fileID: 0}
  m_Controller: {fileID: 9100000, guid: 6e38a01bc3f3d8a48a6f9104aa632e5f, type: 2}
  m_CullingMode: 0
  m_UpdateMode: 0
  m_ApplyRootMotion: 1
  m_LinearVelocityBlending: 0
  m_WarningMessage: 
  m_HasTransformHierarchy: 1
  m_AllowConstantClipSamplingOptimization: 1
  m_KeepAnimatorControllerStateOnDisable: 0
--- !u!212 &61702067
SpriteRenderer:
  m_ObjectHideFlags: 0
  m_CorrespondingSourceObject: {fileID: 0}
  m_PrefabInstance: {fileID: 0}
  m_PrefabAsset: {fileID: 0}
  m_GameObject: {fileID: 61702061}
  m_Enabled: 1
  m_CastShadows: 0
  m_ReceiveShadows: 0
  m_DynamicOccludee: 1
  m_MotionVectors: 1
  m_LightProbeUsage: 1
  m_ReflectionProbeUsage: 1
  m_RenderingLayerMask: 1
  m_RendererPriority: 0
  m_Materials:
  - {fileID: 10754, guid: 0000000000000000f000000000000000, type: 0}
  m_StaticBatchInfo:
    firstSubMesh: 0
    subMeshCount: 0
  m_StaticBatchRoot: {fileID: 0}
  m_ProbeAnchor: {fileID: 0}
  m_LightProbeVolumeOverride: {fileID: 0}
  m_ScaleInLightmap: 1
  m_ReceiveGI: 1
  m_PreserveUVs: 0
  m_IgnoreNormalsForChartDetection: 0
  m_ImportantGI: 0
  m_StitchLightmapSeams: 1
  m_SelectedEditorRenderState: 0
  m_MinimumChartSize: 4
  m_AutoUVMaxDistance: 0.5
  m_AutoUVMaxAngle: 89
  m_LightmapParameters: {fileID: 0}
  m_SortingLayerID: -809008871
  m_SortingLayer: 3
  m_SortingOrder: 0
  m_Sprite: {fileID: 21300034, guid: 9750ee9036122634daca012493bb67bd, type: 3}
  m_Color: {r: 1, g: 1, b: 1, a: 1}
  m_FlipX: 0
  m_FlipY: 0
  m_DrawMode: 0
  m_Size: {x: 0.39, y: 0.28}
  m_AdaptiveModeThreshold: 0.5
  m_SpriteTileMode: 0
  m_WasSpriteAssigned: 1
  m_MaskInteraction: 0
  m_SpriteSortPoint: 0
--- !u!4 &61702068
Transform:
  m_ObjectHideFlags: 0
  m_CorrespondingSourceObject: {fileID: 0}
  m_PrefabInstance: {fileID: 0}
  m_PrefabAsset: {fileID: 0}
  m_GameObject: {fileID: 61702061}
  m_LocalRotation: {x: 0, y: 0, z: 0, w: 1}
  m_LocalPosition: {x: -3.23, y: 1.21, z: 0}
  m_LocalScale: {x: 1.8786, y: 1.8786, z: 1.8786}
  m_Children: []
  m_Father: {fileID: 0}
  m_RootOrder: 2
  m_LocalEulerAnglesHint: {x: 0, y: 0, z: 0}
--- !u!1 &326152893
GameObject:
  m_ObjectHideFlags: 0
  m_CorrespondingSourceObject: {fileID: 0}
  m_PrefabInstance: {fileID: 0}
  m_PrefabAsset: {fileID: 0}
  serializedVersion: 6
  m_Component:
  - component: {fileID: 326152896}
  - component: {fileID: 326152895}
  - component: {fileID: 326152894}
  m_Layer: 0
  m_Name: EventSystem
  m_TagString: Untagged
  m_Icon: {fileID: 0}
  m_NavMeshLayer: 0
  m_StaticEditorFlags: 0
  m_IsActive: 1
--- !u!114 &326152894
MonoBehaviour:
  m_ObjectHideFlags: 0
  m_CorrespondingSourceObject: {fileID: 0}
  m_PrefabInstance: {fileID: 0}
  m_PrefabAsset: {fileID: 0}
  m_GameObject: {fileID: 326152893}
  m_Enabled: 1
  m_EditorHideFlags: 0
  m_Script: {fileID: 11500000, guid: 4f231c4fb786f3946a6b90b886c48677, type: 3}
  m_Name: 
  m_EditorClassIdentifier: 
  m_HorizontalAxis: Horizontal
  m_VerticalAxis: Vertical
  m_SubmitButton: Submit
  m_CancelButton: Cancel
  m_InputActionsPerSecond: 10
  m_RepeatDelay: 0.5
  m_ForceModuleActive: 0
--- !u!114 &326152895
MonoBehaviour:
  m_ObjectHideFlags: 0
  m_CorrespondingSourceObject: {fileID: 0}
  m_PrefabInstance: {fileID: 0}
  m_PrefabAsset: {fileID: 0}
  m_GameObject: {fileID: 326152893}
  m_Enabled: 1
  m_EditorHideFlags: 0
  m_Script: {fileID: 11500000, guid: 76c392e42b5098c458856cdf6ecaaaa1, type: 3}
  m_Name: 
  m_EditorClassIdentifier: 
  m_FirstSelected: {fileID: 0}
  m_sendNavigationEvents: 1
  m_DragThreshold: 10
--- !u!4 &326152896
Transform:
  m_ObjectHideFlags: 0
  m_CorrespondingSourceObject: {fileID: 0}
  m_PrefabInstance: {fileID: 0}
  m_PrefabAsset: {fileID: 0}
  m_GameObject: {fileID: 326152893}
  m_LocalRotation: {x: 0, y: 0, z: 0, w: 1}
  m_LocalPosition: {x: 0, y: 0, z: 0}
  m_LocalScale: {x: 1, y: 1, z: 1}
  m_Children: []
  m_Father: {fileID: 0}
  m_RootOrder: 4
  m_LocalEulerAnglesHint: {x: 0, y: 0, z: 0}
--- !u!1 &519420028
GameObject:
  m_ObjectHideFlags: 0
  m_CorrespondingSourceObject: {fileID: 0}
  m_PrefabInstance: {fileID: 0}
  m_PrefabAsset: {fileID: 0}
  serializedVersion: 6
  m_Component:
  - component: {fileID: 519420032}
  - component: {fileID: 519420031}
  - component: {fileID: 519420029}
  - component: {fileID: 519420033}
  - component: {fileID: 519420030}
  - component: {fileID: 519420034}
  m_Layer: 0
  m_Name: Main Camera
  m_TagString: MainCamera
  m_Icon: {fileID: 0}
  m_NavMeshLayer: 0
  m_StaticEditorFlags: 0
  m_IsActive: 1
--- !u!81 &519420029
AudioListener:
  m_ObjectHideFlags: 0
  m_CorrespondingSourceObject: {fileID: 0}
  m_PrefabInstance: {fileID: 0}
  m_PrefabAsset: {fileID: 0}
  m_GameObject: {fileID: 519420028}
  m_Enabled: 1
--- !u!114 &519420030
MonoBehaviour:
  m_ObjectHideFlags: 0
  m_CorrespondingSourceObject: {fileID: 0}
  m_PrefabInstance: {fileID: 0}
  m_PrefabAsset: {fileID: 0}
  m_GameObject: {fileID: 519420028}
  m_Enabled: 1
  m_EditorHideFlags: 0
  m_Script: {fileID: 11500000, guid: c1452de045c7c044ea5cdfc90c157c2b, type: 3}
  m_Name: 
  m_EditorClassIdentifier: 
  isStartGame: 0
  score: 0
  m_background: {fileID: 1498922686}
  m_floor: {fileID: 19930691}
  m_pipesControl: {fileID: 603516382}
  m_flappbird: {fileID: 61702062}
--- !u!20 &519420031
Camera:
  m_ObjectHideFlags: 0
  m_CorrespondingSourceObject: {fileID: 0}
  m_PrefabInstance: {fileID: 0}
  m_PrefabAsset: {fileID: 0}
  m_GameObject: {fileID: 519420028}
  m_Enabled: 1
  serializedVersion: 2
  m_ClearFlags: 2
  m_BackGroundColor: {r: 0.19215687, g: 0.3019608, b: 0.4745098, a: 0}
  m_projectionMatrixMode: 1
  m_GateFitMode: 2
  m_FOVAxisMode: 0
  m_SensorSize: {x: 36, y: 24}
  m_LensShift: {x: 0, y: 0}
  m_FocalLength: 50
  m_NormalizedViewPortRect:
    serializedVersion: 2
    x: 0
    y: 0
    width: 1
    height: 1
  near clip plane: 0.3
  far clip plane: 1000
  field of view: 60
  orthographic: 1
  orthographic size: 5
  m_Depth: -1
  m_CullingMask:
    serializedVersion: 2
    m_Bits: 4294967295
  m_RenderingPath: -1
  m_TargetTexture: {fileID: 0}
  m_TargetDisplay: 0
  m_TargetEye: 0
  m_HDR: 1
  m_AllowMSAA: 0
  m_AllowDynamicResolution: 0
  m_ForceIntoRT: 0
  m_OcclusionCulling: 0
  m_StereoConvergence: 10
  m_StereoSeparation: 0.022
--- !u!4 &519420032
Transform:
  m_ObjectHideFlags: 0
  m_CorrespondingSourceObject: {fileID: 0}
  m_PrefabInstance: {fileID: 0}
  m_PrefabAsset: {fileID: 0}
  m_GameObject: {fileID: 519420028}
  m_LocalRotation: {x: 0, y: 0, z: 0, w: 1}
  m_LocalPosition: {x: -1, y: 0, z: -10}
  m_LocalScale: {x: 1, y: 1, z: 1}
  m_Children: []
  m_Father: {fileID: 0}
  m_RootOrder: 0
  m_LocalEulerAnglesHint: {x: 0, y: 0, z: 0}
--- !u!114 &519420033
MonoBehaviour:
  m_ObjectHideFlags: 0
  m_CorrespondingSourceObject: {fileID: 0}
  m_PrefabInstance: {fileID: 0}
  m_PrefabAsset: {fileID: 0}
  m_GameObject: {fileID: 519420028}
  m_Enabled: 1
  m_EditorHideFlags: 0
  m_Script: {fileID: 11500000, guid: ae2fe52b9afc6d84099d40a4822d11cb, type: 3}
  m_Name: 
  m_EditorClassIdentifier: 
  m_wingAudio: {fileID: 8300000, guid: 7423ba786deb44a458153b8e1c8133ca, type: 3}
  m_deadAudio: {fileID: 8300000, guid: 9199f4b3999e64e4fb7c21d431b02b9b, type: 3}
  m_pointAudio: {fileID: 8300000, guid: 3c1297bc5a7d64446a9fd5a5da881679, type: 3}
--- !u!82 &519420034
AudioSource:
  m_ObjectHideFlags: 0
  m_CorrespondingSourceObject: {fileID: 0}
  m_PrefabInstance: {fileID: 0}
  m_PrefabAsset: {fileID: 0}
  m_GameObject: {fileID: 519420028}
  m_Enabled: 1
  serializedVersion: 4
  OutputAudioMixerGroup: {fileID: 0}
  m_audioClip: {fileID: 0}
  m_PlayOnAwake: 1
  m_Volume: 1
  m_Pitch: 1
  Loop: 0
  Mute: 0
  Spatialize: 0
  SpatializePostEffects: 0
  Priority: 128
  DopplerLevel: 1
  MinDistance: 1
  MaxDistance: 500
  Pan2D: 0
  rolloffMode: 0
  BypassEffects: 0
  BypassListenerEffects: 0
  BypassReverbZones: 0
  rolloffCustomCurve:
    serializedVersion: 2
    m_Curve:
    - serializedVersion: 3
      time: 0
      value: 1
      inSlope: 0
      outSlope: 0
      tangentMode: 0
      weightedMode: 0
      inWeight: 0.33333334
      outWeight: 0.33333334
    - serializedVersion: 3
      time: 1
      value: 0
      inSlope: 0
      outSlope: 0
      tangentMode: 0
      weightedMode: 0
      inWeight: 0.33333334
      outWeight: 0.33333334
    m_PreInfinity: 2
    m_PostInfinity: 2
    m_RotationOrder: 4
  panLevelCustomCurve:
    serializedVersion: 2
    m_Curve:
    - serializedVersion: 3
      time: 0
      value: 0
      inSlope: 0
      outSlope: 0
      tangentMode: 0
      weightedMode: 0
      inWeight: 0.33333334
      outWeight: 0.33333334
    m_PreInfinity: 2
    m_PostInfinity: 2
    m_RotationOrder: 4
  spreadCustomCurve:
    serializedVersion: 2
    m_Curve:
    - serializedVersion: 3
      time: 0
      value: 0
      inSlope: 0
      outSlope: 0
      tangentMode: 0
      weightedMode: 0
      inWeight: 0.33333334
      outWeight: 0.33333334
    m_PreInfinity: 2
    m_PostInfinity: 2
    m_RotationOrder: 4
  reverbZoneMixCustomCurve:
    serializedVersion: 2
    m_Curve:
    - serializedVersion: 3
      time: 0
      value: 1
      inSlope: 0
      outSlope: 0
      tangentMode: 0
      weightedMode: 0
      inWeight: 0.33333334
      outWeight: 0.33333334
    m_PreInfinity: 2
    m_PostInfinity: 2
    m_RotationOrder: 4
--- !u!114 &546062829 stripped
MonoBehaviour:
  m_CorrespondingSourceObject: {fileID: 2823030857141921916, guid: 6b086c60b51916146843acf4dc06537b,
    type: 3}
  m_PrefabInstance: {fileID: 3109311304241652692}
  m_PrefabAsset: {fileID: 0}
  m_GameObject: {fileID: 0}
  m_Enabled: 1
  m_EditorHideFlags: 0
  m_Script: {fileID: 11500000, guid: 378e11d0a78561240b1ed5fb76a12b50, type: 3}
  m_Name: 
  m_EditorClassIdentifier: 
--- !u!1 &603516380 stripped
GameObject:
  m_CorrespondingSourceObject: {fileID: 2923070143712682548, guid: f88da790f989ef349bcc1a5372042f7a,
    type: 3}
  m_PrefabInstance: {fileID: 3751805168594701471}
  m_PrefabAsset: {fileID: 0}
--- !u!114 &603516382
MonoBehaviour:
  m_ObjectHideFlags: 0
  m_CorrespondingSourceObject: {fileID: 0}
  m_PrefabInstance: {fileID: 0}
  m_PrefabAsset: {fileID: 0}
  m_GameObject: {fileID: 603516380}
  m_Enabled: 1
  m_EditorHideFlags: 0
  m_Script: {fileID: 11500000, guid: 3378963364d6b1743b8c276772cb4350, type: 3}
  m_Name: 
  m_EditorClassIdentifier: 
  speed: 1
  limit_CoordinateX: -2
  limit_down: -0.5
  limit_top: 1.75
  resetTo: 11
  m_pipes: []
--- !u!114 &809429809 stripped
MonoBehaviour:
  m_CorrespondingSourceObject: {fileID: 7748602251700632403, guid: 6b086c60b51916146843acf4dc06537b,
    type: 3}
  m_PrefabInstance: {fileID: 3109311304241652692}
  m_PrefabAsset: {fileID: 0}
  m_GameObject: {fileID: 0}
  m_Enabled: 1
  m_EditorHideFlags: 0
  m_Script: {fileID: 11500000, guid: 378e11d0a78561240b1ed5fb76a12b50, type: 3}
  m_Name: 
  m_EditorClassIdentifier: 
--- !u!114 &1498922686 stripped
MonoBehaviour:
  m_CorrespondingSourceObject: {fileID: 3751805167945151009, guid: f88da790f989ef349bcc1a5372042f7a,
    type: 3}
  m_PrefabInstance: {fileID: 3751805168594701471}
  m_PrefabAsset: {fileID: 0}
  m_GameObject: {fileID: 0}
  m_Enabled: 1
  m_EditorHideFlags: 0
  m_Script: {fileID: 11500000, guid: bbc09f0cf3c6d084da013287c9a580d9, type: 3}
  m_Name: 
  m_EditorClassIdentifier: 
--- !u!114 &1706092834 stripped
MonoBehaviour:
  m_CorrespondingSourceObject: {fileID: 857079505592869985, guid: 825d0782660107049be541c963edf0e7,
    type: 3}
  m_PrefabInstance: {fileID: 6841200451142747509}
  m_PrefabAsset: {fileID: 0}
  m_GameObject: {fileID: 0}
  m_Enabled: 1
  m_EditorHideFlags: 0
  m_Script: {fileID: 11500000, guid: 378e11d0a78561240b1ed5fb76a12b50, type: 3}
  m_Name: 
  m_EditorClassIdentifier: 
--- !u!224 &1706092838 stripped
RectTransform:
  m_CorrespondingSourceObject: {fileID: 7622518456059208812, guid: 825d0782660107049be541c963edf0e7,
    type: 3}
  m_PrefabInstance: {fileID: 6841200451142747509}
  m_PrefabAsset: {fileID: 0}
--- !u!1 &1791109849 stripped
GameObject:
  m_CorrespondingSourceObject: {fileID: 4109535393095274801, guid: 6b086c60b51916146843acf4dc06537b,
    type: 3}
  m_PrefabInstance: {fileID: 3109311304241652692}
  m_PrefabAsset: {fileID: 0}
--- !u!224 &1791109850 stripped
RectTransform:
  m_CorrespondingSourceObject: {fileID: 3791145067593814494, guid: 6b086c60b51916146843acf4dc06537b,
    type: 3}
  m_PrefabInstance: {fileID: 3109311304241652692}
  m_PrefabAsset: {fileID: 0}
--- !u!1 &1927764932
GameObject:
  m_ObjectHideFlags: 0
  m_CorrespondingSourceObject: {fileID: 0}
  m_PrefabInstance: {fileID: 0}
  m_PrefabAsset: {fileID: 0}
  serializedVersion: 6
  m_Component:
  - component: {fileID: 1927764937}
  - component: {fileID: 1927764936}
  - component: {fileID: 1927764935}
  - component: {fileID: 1927764934}
  - component: {fileID: 1927764933}
  m_Layer: 5
  m_Name: Canvas
  m_TagString: Untagged
  m_Icon: {fileID: 0}
  m_NavMeshLayer: 0
  m_StaticEditorFlags: 0
  m_IsActive: 1
--- !u!114 &1927764933
MonoBehaviour:
  m_ObjectHideFlags: 0
  m_CorrespondingSourceObject: {fileID: 0}
  m_PrefabInstance: {fileID: 0}
  m_PrefabAsset: {fileID: 0}
  m_GameObject: {fileID: 1927764932}
  m_Enabled: 1
  m_EditorHideFlags: 0
  m_Script: {fileID: 11500000, guid: 6bf88a385fba9144296a7e1a4694edfb, type: 3}
  m_Name: 
  m_EditorClassIdentifier: 
  m_UIDashBoard: {fileID: 1791109849}
  m_MainScore: {fileID: 1706092834}
  m_DBScore: {fileID: 809429809}
  m_DBBestScore: {fileID: 546062829}
  m_KeySaveScore: BestScore
--- !u!114 &1927764934
MonoBehaviour:
  m_ObjectHideFlags: 0
  m_CorrespondingSourceObject: {fileID: 0}
  m_PrefabInstance: {fileID: 0}
  m_PrefabAsset: {fileID: 0}
  m_GameObject: {fileID: 1927764932}
  m_Enabled: 1
  m_EditorHideFlags: 0
  m_Script: {fileID: 11500000, guid: dc42784cf147c0c48a680349fa168899, type: 3}
  m_Name: 
  m_EditorClassIdentifier: 
  m_IgnoreReversedGraphics: 1
  m_BlockingObjects: 0
  m_BlockingMask:
    serializedVersion: 2
    m_Bits: 4294967295
--- !u!114 &1927764935
MonoBehaviour:
  m_ObjectHideFlags: 0
  m_CorrespondingSourceObject: {fileID: 0}
  m_PrefabInstance: {fileID: 0}
  m_PrefabAsset: {fileID: 0}
  m_GameObject: {fileID: 1927764932}
  m_Enabled: 1
  m_EditorHideFlags: 0
  m_Script: {fileID: 11500000, guid: 0cd44c1031e13a943bb63640046fad76, type: 3}
  m_Name: 
  m_EditorClassIdentifier: 
  m_UiScaleMode: 0
  m_ReferencePixelsPerUnit: 100
  m_ScaleFactor: 1
  m_ReferenceResolution: {x: 800, y: 600}
  m_ScreenMatchMode: 0
  m_MatchWidthOrHeight: 0
  m_PhysicalUnit: 3
  m_FallbackScreenDPI: 96
  m_DefaultSpriteDPI: 96
  m_DynamicPixelsPerUnit: 1
--- !u!223 &1927764936
Canvas:
  m_ObjectHideFlags: 0
  m_CorrespondingSourceObject: {fileID: 0}
  m_PrefabInstance: {fileID: 0}
  m_PrefabAsset: {fileID: 0}
  m_GameObject: {fileID: 1927764932}
  m_Enabled: 1
  serializedVersion: 3
  m_RenderMode: 0
  m_Camera: {fileID: 0}
  m_PlaneDistance: 100
  m_PixelPerfect: 0
  m_ReceivesEvents: 1
  m_OverrideSorting: 0
  m_OverridePixelPerfect: 0
  m_SortingBucketNormalizedSize: 0
  m_AdditionalShaderChannelsFlag: 0
  m_SortingLayerID: 0
  m_SortingOrder: 0
  m_TargetDisplay: 0
--- !u!224 &1927764937
RectTransform:
  m_ObjectHideFlags: 0
  m_CorrespondingSourceObject: {fileID: 0}
  m_PrefabInstance: {fileID: 0}
  m_PrefabAsset: {fileID: 0}
  m_GameObject: {fileID: 1927764932}
  m_LocalRotation: {x: 0, y: 0, z: 0, w: 1}
  m_LocalPosition: {x: 0, y: 0, z: 0}
  m_LocalScale: {x: 0, y: 0, z: 0}
  m_Children:
  - {fileID: 1706092838}
  - {fileID: 1791109850}
  m_Father: {fileID: 0}
  m_RootOrder: 3
  m_LocalEulerAnglesHint: {x: 0, y: 0, z: 0}
  m_AnchorMin: {x: 0, y: 0}
  m_AnchorMax: {x: 0, y: 0}
  m_AnchoredPosition: {x: 0, y: 0}
  m_SizeDelta: {x: 0, y: 0}
  m_Pivot: {x: 0, y: 0}
--- !u!1001 &3109311304241652692
PrefabInstance:
  m_ObjectHideFlags: 0
  serializedVersion: 2
  m_Modification:
    m_TransformParent: {fileID: 1927764937}
    m_Modifications:
    - target: {fileID: 4109535393095274801, guid: 6b086c60b51916146843acf4dc06537b,
        type: 3}
      propertyPath: m_Name
      value: DashBoardPanel
      objectReference: {fileID: 0}
    - target: {fileID: 3791145067593814494, guid: 6b086c60b51916146843acf4dc06537b,
        type: 3}
      propertyPath: m_LocalPosition.x
      value: 0
      objectReference: {fileID: 0}
    - target: {fileID: 3791145067593814494, guid: 6b086c60b51916146843acf4dc06537b,
        type: 3}
      propertyPath: m_LocalPosition.y
      value: 0
      objectReference: {fileID: 0}
    - target: {fileID: 3791145067593814494, guid: 6b086c60b51916146843acf4dc06537b,
        type: 3}
      propertyPath: m_LocalPosition.z
      value: 0
      objectReference: {fileID: 0}
    - target: {fileID: 3791145067593814494, guid: 6b086c60b51916146843acf4dc06537b,
        type: 3}
      propertyPath: m_LocalRotation.x
      value: 0
      objectReference: {fileID: 0}
    - target: {fileID: 3791145067593814494, guid: 6b086c60b51916146843acf4dc06537b,
        type: 3}
      propertyPath: m_LocalRotation.y
      value: 0
      objectReference: {fileID: 0}
    - target: {fileID: 3791145067593814494, guid: 6b086c60b51916146843acf4dc06537b,
        type: 3}
      propertyPath: m_LocalRotation.z
      value: 0
      objectReference: {fileID: 0}
    - target: {fileID: 3791145067593814494, guid: 6b086c60b51916146843acf4dc06537b,
        type: 3}
      propertyPath: m_LocalRotation.w
      value: 1
      objectReference: {fileID: 0}
    - target: {fileID: 3791145067593814494, guid: 6b086c60b51916146843acf4dc06537b,
        type: 3}
      propertyPath: m_RootOrder
      value: 1
      objectReference: {fileID: 0}
    - target: {fileID: 3791145067593814494, guid: 6b086c60b51916146843acf4dc06537b,
        type: 3}
      propertyPath: m_LocalEulerAnglesHint.x
      value: 0
      objectReference: {fileID: 0}
    - target: {fileID: 3791145067593814494, guid: 6b086c60b51916146843acf4dc06537b,
        type: 3}
      propertyPath: m_LocalEulerAnglesHint.y
      value: 0
      objectReference: {fileID: 0}
    - target: {fileID: 3791145067593814494, guid: 6b086c60b51916146843acf4dc06537b,
        type: 3}
      propertyPath: m_LocalEulerAnglesHint.z
      value: 0
      objectReference: {fileID: 0}
    - target: {fileID: 3791145067593814494, guid: 6b086c60b51916146843acf4dc06537b,
        type: 3}
      propertyPath: m_AnchoredPosition.x
      value: 0
      objectReference: {fileID: 0}
    - target: {fileID: 3791145067593814494, guid: 6b086c60b51916146843acf4dc06537b,
        type: 3}
      propertyPath: m_AnchoredPosition.y
      value: 11
      objectReference: {fileID: 0}
    - target: {fileID: 3791145067593814494, guid: 6b086c60b51916146843acf4dc06537b,
        type: 3}
      propertyPath: m_SizeDelta.x
      value: 0
      objectReference: {fileID: 0}
    - target: {fileID: 3791145067593814494, guid: 6b086c60b51916146843acf4dc06537b,
        type: 3}
      propertyPath: m_SizeDelta.y
      value: 400
      objectReference: {fileID: 0}
    - target: {fileID: 3791145067593814494, guid: 6b086c60b51916146843acf4dc06537b,
        type: 3}
      propertyPath: m_AnchorMin.x
      value: 0
      objectReference: {fileID: 0}
    - target: {fileID: 3791145067593814494, guid: 6b086c60b51916146843acf4dc06537b,
        type: 3}
      propertyPath: m_AnchorMin.y
      value: 0.5
      objectReference: {fileID: 0}
    - target: {fileID: 3791145067593814494, guid: 6b086c60b51916146843acf4dc06537b,
        type: 3}
      propertyPath: m_AnchorMax.x
      value: 1
      objectReference: {fileID: 0}
    - target: {fileID: 3791145067593814494, guid: 6b086c60b51916146843acf4dc06537b,
        type: 3}
      propertyPath: m_AnchorMax.y
      value: 0.5
      objectReference: {fileID: 0}
    - target: {fileID: 3791145067593814494, guid: 6b086c60b51916146843acf4dc06537b,
        type: 3}
      propertyPath: m_Pivot.x
      value: 0.5
      objectReference: {fileID: 0}
    - target: {fileID: 3791145067593814494, guid: 6b086c60b51916146843acf4dc06537b,
        type: 3}
      propertyPath: m_Pivot.y
      value: 0.5
      objectReference: {fileID: 0}
    - target: {fileID: 3791145067593814494, guid: 6b086c60b51916146843acf4dc06537b,
        type: 3}
      propertyPath: m_LocalScale.y
      value: 1.26
      objectReference: {fileID: 0}
    - target: {fileID: 3791145067593814494, guid: 6b086c60b51916146843acf4dc06537b,
        type: 3}
      propertyPath: m_LocalScale.x
      value: 0.79
      objectReference: {fileID: 0}
    - target: {fileID: 7626782590648783646, guid: 6b086c60b51916146843acf4dc06537b,
        type: 3}
      propertyPath: m_Enabled
      value: 1
      objectReference: {fileID: 0}
    - target: {fileID: 7626782590648783646, guid: 6b086c60b51916146843acf4dc06537b,
        type: 3}
      propertyPath: m_Sprite
      value: 
      objectReference: {fileID: 21300004, guid: 9750ee9036122634daca012493bb67bd,
        type: 3}
    - target: {fileID: 4126350338496318307, guid: 6b086c60b51916146843acf4dc06537b,
        type: 3}
      propertyPath: m_AnchorMin.y
      value: 0
      objectReference: {fileID: 0}
    - target: {fileID: 4126350338496318307, guid: 6b086c60b51916146843acf4dc06537b,
        type: 3}
      propertyPath: m_AnchorMax.y
      value: 0
      objectReference: {fileID: 0}
    - target: {fileID: 4126350338496318307, guid: 6b086c60b51916146843acf4dc06537b,
        type: 3}
      propertyPath: m_AnchoredPosition.x
      value: 0
      objectReference: {fileID: 0}
    - target: {fileID: 4126350338496318307, guid: 6b086c60b51916146843acf4dc06537b,
        type: 3}
      propertyPath: m_AnchoredPosition.y
      value: 0
      objectReference: {fileID: 0}
    - target: {fileID: 4126350338496318307, guid: 6b086c60b51916146843acf4dc06537b,
        type: 3}
      propertyPath: m_LocalScale.x
      value: 3.39
      objectReference: {fileID: 0}
    - target: {fileID: 4126350338496318307, guid: 6b086c60b51916146843acf4dc06537b,
        type: 3}
      propertyPath: m_SizeDelta.x
      value: 218.1
      objectReference: {fileID: 0}
    - target: {fileID: 5141501506342955578, guid: 6b086c60b51916146843acf4dc06537b,
        type: 3}
      propertyPath: m_Enabled
      value: 0
      objectReference: {fileID: 0}
    - target: {fileID: 7049300174654761524, guid: 6b086c60b51916146843acf4dc06537b,
        type: 3}
      propertyPath: m_AnchorMin.y
      value: 0
      objectReference: {fileID: 0}
    - target: {fileID: 7049300174654761524, guid: 6b086c60b51916146843acf4dc06537b,
        type: 3}
      propertyPath: m_AnchorMax.y
      value: 0
      objectReference: {fileID: 0}
    - target: {fileID: 7049300174654761524, guid: 6b086c60b51916146843acf4dc06537b,
        type: 3}
      propertyPath: m_AnchoredPosition.x
      value: 54
      objectReference: {fileID: 0}
    - target: {fileID: 7049300174654761524, guid: 6b086c60b51916146843acf4dc06537b,
        type: 3}
      propertyPath: m_AnchoredPosition.y
      value: 148
      objectReference: {fileID: 0}
    - target: {fileID: 7049300174654761524, guid: 6b086c60b51916146843acf4dc06537b,
        type: 3}
      propertyPath: m_LocalScale.x
      value: 1.3
      objectReference: {fileID: 0}
    - target: {fileID: 7016542417117062898, guid: 6b086c60b51916146843acf4dc06537b,
        type: 3}
      propertyPath: m_Enabled
      value: 1
      objectReference: {fileID: 0}
    - target: {fileID: 4386300605663767286, guid: 6b086c60b51916146843acf4dc06537b,
        type: 3}
      propertyPath: m_AnchorMin.y
      value: 0
      objectReference: {fileID: 0}
    - target: {fileID: 4386300605663767286, guid: 6b086c60b51916146843acf4dc06537b,
        type: 3}
      propertyPath: m_AnchorMax.y
      value: 0
      objectReference: {fileID: 0}
    - target: {fileID: 4386300605663767286, guid: 6b086c60b51916146843acf4dc06537b,
        type: 3}
      propertyPath: m_AnchoredPosition.x
      value: 179
      objectReference: {fileID: 0}
    - target: {fileID: 4386300605663767286, guid: 6b086c60b51916146843acf4dc06537b,
        type: 3}
      propertyPath: m_AnchoredPosition.y
      value: 146
      objectReference: {fileID: 0}
    - target: {fileID: 5818505728177283920, guid: 6b086c60b51916146843acf4dc06537b,
        type: 3}
      propertyPath: m_AnchorMin.y
      value: 0
      objectReference: {fileID: 0}
    - target: {fileID: 5818505728177283920, guid: 6b086c60b51916146843acf4dc06537b,
        type: 3}
      propertyPath: m_AnchorMax.y
      value: 0
      objectReference: {fileID: 0}
    - target: {fileID: 5818505728177283920, guid: 6b086c60b51916146843acf4dc06537b,
        type: 3}
      propertyPath: m_AnchoredPosition.x
      value: 0
      objectReference: {fileID: 0}
    - target: {fileID: 5818505728177283920, guid: 6b086c60b51916146843acf4dc06537b,
        type: 3}
      propertyPath: m_AnchoredPosition.y
      value: 0
      objectReference: {fileID: 0}
    - target: {fileID: 3082700047631702775, guid: 6b086c60b51916146843acf4dc06537b,
        type: 3}
      propertyPath: m_Sprite
      value: 
      objectReference: {fileID: 0}
    - target: {fileID: 3082700047631702775, guid: 6b086c60b51916146843acf4dc06537b,
        type: 3}
      propertyPath: m_Enabled
      value: 0
      objectReference: {fileID: 0}
    - target: {fileID: 7287426834612991785, guid: 6b086c60b51916146843acf4dc06537b,
        type: 3}
      propertyPath: m_AnchoredPosition.y
      value: -61
      objectReference: {fileID: 0}
    - target: {fileID: 7287426834612991785, guid: 6b086c60b51916146843acf4dc06537b,
        type: 3}
      propertyPath: m_LocalScale.x
      value: 3.9
      objectReference: {fileID: 0}
    - target: {fileID: 7287426834612991785, guid: 6b086c60b51916146843acf4dc06537b,
        type: 3}
      propertyPath: m_LocalScale.y
      value: 2.3
      objectReference: {fileID: 0}
    - target: {fileID: 7287426834612991785, guid: 6b086c60b51916146843acf4dc06537b,
        type: 3}
      propertyPath: m_AnchoredPosition.x
      value: 94
      objectReference: {fileID: 0}
    - target: {fileID: 9122379179568380813, guid: 6b086c60b51916146843acf4dc06537b,
        type: 3}
      propertyPath: m_Sprite
      value: 
      objectReference: {fileID: 0}
    - target: {fileID: 9122379179568380813, guid: 6b086c60b51916146843acf4dc06537b,
        type: 3}
      propertyPath: m_Enabled
      value: 0
      objectReference: {fileID: 0}
    - target: {fileID: 8404286458502917318, guid: 6b086c60b51916146843acf4dc06537b,
        type: 3}
      propertyPath: m_Enabled
      value: 0
      objectReference: {fileID: 0}
    - target: {fileID: 3746569356142027103, guid: 6b086c60b51916146843acf4dc06537b,
        type: 3}
      propertyPath: m_AnchorMin.y
      value: 0
      objectReference: {fileID: 0}
    - target: {fileID: 3746569356142027103, guid: 6b086c60b51916146843acf4dc06537b,
        type: 3}
      propertyPath: m_AnchorMax.y
      value: 0
      objectReference: {fileID: 0}
    - target: {fileID: 3746569356142027103, guid: 6b086c60b51916146843acf4dc06537b,
        type: 3}
      propertyPath: m_AnchoredPosition.x
      value: 0
      objectReference: {fileID: 0}
    - target: {fileID: 3746569356142027103, guid: 6b086c60b51916146843acf4dc06537b,
        type: 3}
      propertyPath: m_AnchoredPosition.y
      value: 0
      objectReference: {fileID: 0}
    - target: {fileID: 1327826478130272110, guid: 6b086c60b51916146843acf4dc06537b,
        type: 3}
      propertyPath: m_Enabled
      value: 0
      objectReference: {fileID: 0}
    - target: {fileID: 4112114789267448246, guid: 6b086c60b51916146843acf4dc06537b,
        type: 3}
      propertyPath: m_LocalScale.x
      value: 2.68
      objectReference: {fileID: 0}
    - target: {fileID: 4112114789267448246, guid: 6b086c60b51916146843acf4dc06537b,
        type: 3}
      propertyPath: m_AnchoredPosition.x
      value: 12
      objectReference: {fileID: 0}
    - target: {fileID: 4112114789267448246, guid: 6b086c60b51916146843acf4dc06537b,
        type: 3}
      propertyPath: m_AnchoredPosition.y
      value: -140
      objectReference: {fileID: 0}
    - target: {fileID: 4112114789267448246, guid: 6b086c60b51916146843acf4dc06537b,
        type: 3}
      propertyPath: m_LocalScale.y
      value: 1.91
      objectReference: {fileID: 0}
    - target: {fileID: 7240995588637377847, guid: 6b086c60b51916146843acf4dc06537b,
        type: 3}
      propertyPath: m_Sprite
      value: 
      objectReference: {fileID: 21300048, guid: 9750ee9036122634daca012493bb67bd,
        type: 3}
    - target: {fileID: 7240995588637377847, guid: 6b086c60b51916146843acf4dc06537b,
        type: 3}
      propertyPath: m_Type
      value: 0
      objectReference: {fileID: 0}
    - target: {fileID: 7857921940022656094, guid: 6b086c60b51916146843acf4dc06537b,
        type: 3}
      propertyPath: m_Enabled
      value: 0
      objectReference: {fileID: 0}
    - target: {fileID: 694897753591757662, guid: 6b086c60b51916146843acf4dc06537b,
        type: 3}
      propertyPath: m_RootOrder
      value: 0
      objectReference: {fileID: 0}
    - target: {fileID: 694897753591757662, guid: 6b086c60b51916146843acf4dc06537b,
        type: 3}
      propertyPath: m_AnchoredPosition.y
      value: 47
      objectReference: {fileID: 0}
    - target: {fileID: 694897753591757662, guid: 6b086c60b51916146843acf4dc06537b,
        type: 3}
      propertyPath: m_AnchoredPosition.x
      value: 217.27
      objectReference: {fileID: 0}
    - target: {fileID: 694897753591757662, guid: 6b086c60b51916146843acf4dc06537b,
        type: 3}
      propertyPath: m_LocalScale.x
      value: 1.0448356
      objectReference: {fileID: 0}
    - target: {fileID: 1481137055736033949, guid: 6b086c60b51916146843acf4dc06537b,
        type: 3}
      propertyPath: m_AnchorMin.y
      value: 0
      objectReference: {fileID: 0}
    - target: {fileID: 1481137055736033949, guid: 6b086c60b51916146843acf4dc06537b,
        type: 3}
      propertyPath: m_AnchorMax.y
      value: 0
      objectReference: {fileID: 0}
    - target: {fileID: 1481137055736033949, guid: 6b086c60b51916146843acf4dc06537b,
        type: 3}
      propertyPath: m_AnchoredPosition.x
      value: 0
      objectReference: {fileID: 0}
    - target: {fileID: 1481137055736033949, guid: 6b086c60b51916146843acf4dc06537b,
        type: 3}
      propertyPath: m_AnchoredPosition.y
      value: 0
      objectReference: {fileID: 0}
    - target: {fileID: 3022669488077843791, guid: 6b086c60b51916146843acf4dc06537b,
        type: 3}
      propertyPath: m_AnchorMin.y
      value: 0
      objectReference: {fileID: 0}
    - target: {fileID: 3022669488077843791, guid: 6b086c60b51916146843acf4dc06537b,
        type: 3}
      propertyPath: m_AnchorMax.y
      value: 0
      objectReference: {fileID: 0}
    - target: {fileID: 3022669488077843791, guid: 6b086c60b51916146843acf4dc06537b,
        type: 3}
      propertyPath: m_AnchoredPosition.x
      value: 0
      objectReference: {fileID: 0}
    - target: {fileID: 3022669488077843791, guid: 6b086c60b51916146843acf4dc06537b,
        type: 3}
      propertyPath: m_AnchoredPosition.y
      value: 0
      objectReference: {fileID: 0}
    - target: {fileID: 8010820162703966634, guid: 6b086c60b51916146843acf4dc06537b,
        type: 3}
      propertyPath: m_AnchorMin.y
      value: 0
      objectReference: {fileID: 0}
    - target: {fileID: 8010820162703966634, guid: 6b086c60b51916146843acf4dc06537b,
        type: 3}
      propertyPath: m_AnchorMax.y
      value: 0
      objectReference: {fileID: 0}
    - target: {fileID: 8010820162703966634, guid: 6b086c60b51916146843acf4dc06537b,
        type: 3}
      propertyPath: m_AnchoredPosition.x
      value: 0
      objectReference: {fileID: 0}
    - target: {fileID: 8010820162703966634, guid: 6b086c60b51916146843acf4dc06537b,
        type: 3}
      propertyPath: m_AnchoredPosition.y
      value: 0
      objectReference: {fileID: 0}
    - target: {fileID: 7650813028413373664, guid: 6b086c60b51916146843acf4dc06537b,
        type: 3}
      propertyPath: m_Enabled
      value: 1
      objectReference: {fileID: 0}
    - target: {fileID: 1139599521972064403, guid: 6b086c60b51916146843acf4dc06537b,
        type: 3}
      propertyPath: UnitOfNumber
      value: 1
      objectReference: {fileID: 0}
    - target: {fileID: 7545500919970177248, guid: 6b086c60b51916146843acf4dc06537b,
        type: 3}
      propertyPath: m_Enabled
      value: 1
      objectReference: {fileID: 0}
    - target: {fileID: 397488747166906960, guid: 6b086c60b51916146843acf4dc06537b,
        type: 3}
      propertyPath: UnitOfNumber
      value: 10
      objectReference: {fileID: 0}
    - target: {fileID: 8617869251943418863, guid: 6b086c60b51916146843acf4dc06537b,
        type: 3}
      propertyPath: m_Enabled
      value: 1
      objectReference: {fileID: 0}
    - target: {fileID: 5327049010456658095, guid: 6b086c60b51916146843acf4dc06537b,
        type: 3}
      propertyPath: UnitOfNumber
      value: 100
      objectReference: {fileID: 0}
    - target: {fileID: 4972324703123073137, guid: 6b086c60b51916146843acf4dc06537b,
        type: 3}
      propertyPath: m_RootOrder
      value: 1
      objectReference: {fileID: 0}
    - target: {fileID: 4972324703123073137, guid: 6b086c60b51916146843acf4dc06537b,
        type: 3}
      propertyPath: m_AnchoredPosition.y
      value: -110
      objectReference: {fileID: 0}
    - target: {fileID: 4972324703123073137, guid: 6b086c60b51916146843acf4dc06537b,
        type: 3}
      propertyPath: m_AnchoredPosition.x
      value: 224
      objectReference: {fileID: 0}
    - target: {fileID: 6353441509942043058, guid: 6b086c60b51916146843acf4dc06537b,
        type: 3}
      propertyPath: m_AnchorMin.y
      value: 0
      objectReference: {fileID: 0}
    - target: {fileID: 6353441509942043058, guid: 6b086c60b51916146843acf4dc06537b,
        type: 3}
      propertyPath: m_AnchorMax.y
      value: 0
      objectReference: {fileID: 0}
    - target: {fileID: 6353441509942043058, guid: 6b086c60b51916146843acf4dc06537b,
        type: 3}
      propertyPath: m_AnchoredPosition.x
      value: 0
      objectReference: {fileID: 0}
    - target: {fileID: 6353441509942043058, guid: 6b086c60b51916146843acf4dc06537b,
        type: 3}
      propertyPath: m_AnchoredPosition.y
      value: 0
      objectReference: {fileID: 0}
    - target: {fileID: 7302400739371646560, guid: 6b086c60b51916146843acf4dc06537b,
        type: 3}
      propertyPath: m_AnchorMin.y
      value: 0
      objectReference: {fileID: 0}
    - target: {fileID: 7302400739371646560, guid: 6b086c60b51916146843acf4dc06537b,
        type: 3}
      propertyPath: m_AnchorMax.y
      value: 0
      objectReference: {fileID: 0}
    - target: {fileID: 7302400739371646560, guid: 6b086c60b51916146843acf4dc06537b,
        type: 3}
      propertyPath: m_AnchoredPosition.x
      value: 0
      objectReference: {fileID: 0}
    - target: {fileID: 7302400739371646560, guid: 6b086c60b51916146843acf4dc06537b,
        type: 3}
      propertyPath: m_AnchoredPosition.y
      value: 0
      objectReference: {fileID: 0}
    - target: {fileID: 2560821218232013445, guid: 6b086c60b51916146843acf4dc06537b,
        type: 3}
      propertyPath: m_AnchorMin.y
      value: 0
      objectReference: {fileID: 0}
    - target: {fileID: 2560821218232013445, guid: 6b086c60b51916146843acf4dc06537b,
        type: 3}
      propertyPath: m_AnchorMax.y
      value: 0
      objectReference: {fileID: 0}
    - target: {fileID: 2560821218232013445, guid: 6b086c60b51916146843acf4dc06537b,
        type: 3}
      propertyPath: m_AnchoredPosition.x
      value: 0
      objectReference: {fileID: 0}
    - target: {fileID: 2560821218232013445, guid: 6b086c60b51916146843acf4dc06537b,
        type: 3}
      propertyPath: m_AnchoredPosition.y
      value: 0
      objectReference: {fileID: 0}
    - target: {fileID: 2599415026673906639, guid: 6b086c60b51916146843acf4dc06537b,
        type: 3}
      propertyPath: m_Enabled
      value: 1
      objectReference: {fileID: 0}
    - target: {fileID: 5269724773735754111, guid: 6b086c60b51916146843acf4dc06537b,
        type: 3}
      propertyPath: UnitOfNumber
      value: 10
      objectReference: {fileID: 0}
    - target: {fileID: 2776714102763106255, guid: 6b086c60b51916146843acf4dc06537b,
        type: 3}
      propertyPath: m_Enabled
      value: 1
      objectReference: {fileID: 0}
    - target: {fileID: 4860879952739353532, guid: 6b086c60b51916146843acf4dc06537b,
        type: 3}
      propertyPath: UnitOfNumber
      value: 1
      objectReference: {fileID: 0}
    - target: {fileID: 4268613406490630336, guid: 6b086c60b51916146843acf4dc06537b,
        type: 3}
      propertyPath: m_Enabled
      value: 1
      objectReference: {fileID: 0}
    - target: {fileID: 380697052593312640, guid: 6b086c60b51916146843acf4dc06537b,
        type: 3}
      propertyPath: UnitOfNumber
      value: 100
      objectReference: {fileID: 0}
    m_RemovedComponents: []
  m_SourcePrefab: {fileID: 100100000, guid: 6b086c60b51916146843acf4dc06537b, type: 3}
--- !u!1001 &3751805168594701471
PrefabInstance:
  m_ObjectHideFlags: 0
  serializedVersion: 2
  m_Modification:
    m_TransformParent: {fileID: 0}
    m_Modifications:
    - target: {fileID: 5030125708694711250, guid: f88da790f989ef349bcc1a5372042f7a,
        type: 3}
      propertyPath: m_Name
      value: Stage
      objectReference: {fileID: 0}
    - target: {fileID: 6958743079872680631, guid: f88da790f989ef349bcc1a5372042f7a,
        type: 3}
      propertyPath: m_LocalPosition.x
      value: 3.57
      objectReference: {fileID: 0}
    - target: {fileID: 6958743079872680631, guid: f88da790f989ef349bcc1a5372042f7a,
        type: 3}
      propertyPath: m_LocalPosition.y
      value: 0.01501
      objectReference: {fileID: 0}
    - target: {fileID: 6958743079872680631, guid: f88da790f989ef349bcc1a5372042f7a,
        type: 3}
      propertyPath: m_LocalPosition.z
      value: 0
      objectReference: {fileID: 0}
    - target: {fileID: 6958743079872680631, guid: f88da790f989ef349bcc1a5372042f7a,
        type: 3}
      propertyPath: m_LocalRotation.x
      value: 0
      objectReference: {fileID: 0}
    - target: {fileID: 6958743079872680631, guid: f88da790f989ef349bcc1a5372042f7a,
        type: 3}
      propertyPath: m_LocalRotation.y
      value: 0
      objectReference: {fileID: 0}
    - target: {fileID: 6958743079872680631, guid: f88da790f989ef349bcc1a5372042f7a,
        type: 3}
      propertyPath: m_LocalRotation.z
      value: 0
      objectReference: {fileID: 0}
    - target: {fileID: 6958743079872680631, guid: f88da790f989ef349bcc1a5372042f7a,
        type: 3}
      propertyPath: m_LocalRotation.w
      value: 1
      objectReference: {fileID: 0}
    - target: {fileID: 6958743079872680631, guid: f88da790f989ef349bcc1a5372042f7a,
        type: 3}
      propertyPath: m_RootOrder
      value: 1
      objectReference: {fileID: 0}
    - target: {fileID: 6958743079872680631, guid: f88da790f989ef349bcc1a5372042f7a,
        type: 3}
      propertyPath: m_LocalEulerAnglesHint.x
      value: 0
      objectReference: {fileID: 0}
    - target: {fileID: 6958743079872680631, guid: f88da790f989ef349bcc1a5372042f7a,
        type: 3}
      propertyPath: m_LocalEulerAnglesHint.y
      value: 0
      objectReference: {fileID: 0}
    - target: {fileID: 6958743079872680631, guid: f88da790f989ef349bcc1a5372042f7a,
        type: 3}
      propertyPath: m_LocalEulerAnglesHint.z
      value: 0
      objectReference: {fileID: 0}
    - target: {fileID: 6958743079872680631, guid: f88da790f989ef349bcc1a5372042f7a,
        type: 3}
      propertyPath: m_LocalScale.x
      value: 2.82
      objectReference: {fileID: 0}
    - target: {fileID: 6958743079872680631, guid: f88da790f989ef349bcc1a5372042f7a,
        type: 3}
      propertyPath: m_LocalScale.y
      value: 2.1869
      objectReference: {fileID: 0}
    - target: {fileID: 6958743079872680631, guid: f88da790f989ef349bcc1a5372042f7a,
        type: 3}
      propertyPath: m_LocalScale.z
      value: 2.1869
      objectReference: {fileID: 0}
    - target: {fileID: 3751805167945151010, guid: f88da790f989ef349bcc1a5372042f7a,
        type: 3}
      propertyPath: m_LocalPosition.x
      value: 0
      objectReference: {fileID: 0}
    - target: {fileID: 3751805167945151010, guid: f88da790f989ef349bcc1a5372042f7a,
        type: 3}
      propertyPath: m_LocalScale.y
      value: 1.18
      objectReference: {fileID: 0}
    - target: {fileID: 3751805167945151010, guid: f88da790f989ef349bcc1a5372042f7a,
        type: 3}
      propertyPath: m_LocalScale.x
      value: 1.56
      objectReference: {fileID: 0}
    - target: {fileID: 3751805167945151010, guid: f88da790f989ef349bcc1a5372042f7a,
        type: 3}
      propertyPath: m_LocalPosition.y
      value: 0
      objectReference: {fileID: 0}
    - target: {fileID: 3751805167945151009, guid: f88da790f989ef349bcc1a5372042f7a,
        type: 3}
      propertyPath: limit_CoordinateX
      value: -5.45
      objectReference: {fileID: 0}
    - target: {fileID: 2543100575002021504, guid: f88da790f989ef349bcc1a5372042f7a,
        type: 3}
      propertyPath: m_LocalPosition.x
      value: 0
      objectReference: {fileID: 0}
    - target: {fileID: 2543100575002021504, guid: f88da790f989ef349bcc1a5372042f7a,
        type: 3}
      propertyPath: m_LocalPosition.y
      value: 0
      objectReference: {fileID: 0}
    - target: {fileID: 7640816052503723680, guid: f88da790f989ef349bcc1a5372042f7a,
        type: 3}
      propertyPath: speed
      value: 3
      objectReference: {fileID: 0}
    - target: {fileID: 3630796133701465158, guid: f88da790f989ef349bcc1a5372042f7a,
        type: 3}
      propertyPath: m_LocalScale.x
      value: 1.57
      objectReference: {fileID: 0}
    - target: {fileID: 5575378075594224676, guid: f88da790f989ef349bcc1a5372042f7a,
        type: 3}
      propertyPath: m_LocalPosition.x
      value: 4.32
      objectReference: {fileID: 0}
    - target: {fileID: 4504305893583091594, guid: f88da790f989ef349bcc1a5372042f7a,
        type: 3}
      propertyPath: m_LocalPosition.x
      value: 5.87
      objectReference: {fileID: 0}
    - target: {fileID: 4504305893583091594, guid: f88da790f989ef349bcc1a5372042f7a,
        type: 3}
      propertyPath: m_LocalPosition.y
      value: -0.27
      objectReference: {fileID: 0}
    - target: {fileID: 3610826071653926460, guid: f88da790f989ef349bcc1a5372042f7a,
        type: 3}
      propertyPath: m_LocalPosition.x
      value: 7.47
      objectReference: {fileID: 0}
    m_RemovedComponents:
    - {fileID: 1202806697163515952, guid: f88da790f989ef349bcc1a5372042f7a, type: 3}
    - {fileID: 8238439820792471643, guid: f88da790f989ef349bcc1a5372042f7a, type: 3}
    - {fileID: 6384830486575578160, guid: f88da790f989ef349bcc1a5372042f7a, type: 3}
    - {fileID: 3541175912637618918, guid: f88da790f989ef349bcc1a5372042f7a, type: 3}
  m_SourcePrefab: {fileID: 100100000, guid: f88da790f989ef349bcc1a5372042f7a, type: 3}
--- !u!1001 &6841200451142747509
PrefabInstance:
  m_ObjectHideFlags: 0
  serializedVersion: 2
  m_Modification:
    m_TransformParent: {fileID: 1927764937}
    m_Modifications:
    - target: {fileID: 7110965392541813309, guid: 825d0782660107049be541c963edf0e7,
        type: 3}
      propertyPath: m_Name
      value: ScorePanel
      objectReference: {fileID: 0}
    - target: {fileID: 7622518456059208812, guid: 825d0782660107049be541c963edf0e7,
        type: 3}
      propertyPath: m_LocalPosition.x
      value: 0
      objectReference: {fileID: 0}
    - target: {fileID: 7622518456059208812, guid: 825d0782660107049be541c963edf0e7,
        type: 3}
      propertyPath: m_LocalPosition.y
      value: 0
      objectReference: {fileID: 0}
    - target: {fileID: 7622518456059208812, guid: 825d0782660107049be541c963edf0e7,
        type: 3}
      propertyPath: m_LocalPosition.z
      value: 0
      objectReference: {fileID: 0}
    - target: {fileID: 7622518456059208812, guid: 825d0782660107049be541c963edf0e7,
        type: 3}
      propertyPath: m_LocalRotation.x
      value: 0
      objectReference: {fileID: 0}
    - target: {fileID: 7622518456059208812, guid: 825d0782660107049be541c963edf0e7,
        type: 3}
      propertyPath: m_LocalRotation.y
      value: 0
      objectReference: {fileID: 0}
    - target: {fileID: 7622518456059208812, guid: 825d0782660107049be541c963edf0e7,
        type: 3}
      propertyPath: m_LocalRotation.z
      value: 0
      objectReference: {fileID: 0}
    - target: {fileID: 7622518456059208812, guid: 825d0782660107049be541c963edf0e7,
        type: 3}
      propertyPath: m_LocalRotation.w
      value: 1
      objectReference: {fileID: 0}
    - target: {fileID: 7622518456059208812, guid: 825d0782660107049be541c963edf0e7,
        type: 3}
      propertyPath: m_RootOrder
      value: 0
      objectReference: {fileID: 0}
    - target: {fileID: 7622518456059208812, guid: 825d0782660107049be541c963edf0e7,
        type: 3}
      propertyPath: m_LocalEulerAnglesHint.x
      value: 0
      objectReference: {fileID: 0}
    - target: {fileID: 7622518456059208812, guid: 825d0782660107049be541c963edf0e7,
        type: 3}
      propertyPath: m_LocalEulerAnglesHint.y
      value: 0
      objectReference: {fileID: 0}
    - target: {fileID: 7622518456059208812, guid: 825d0782660107049be541c963edf0e7,
        type: 3}
      propertyPath: m_LocalEulerAnglesHint.z
      value: 0
      objectReference: {fileID: 0}
    - target: {fileID: 7622518456059208812, guid: 825d0782660107049be541c963edf0e7,
        type: 3}
      propertyPath: m_AnchoredPosition.x
      value: 256
      objectReference: {fileID: 0}
    - target: {fileID: 7622518456059208812, guid: 825d0782660107049be541c963edf0e7,
        type: 3}
      propertyPath: m_AnchoredPosition.y
      value: 688.6
      objectReference: {fileID: 0}
    - target: {fileID: 7622518456059208812, guid: 825d0782660107049be541c963edf0e7,
        type: 3}
      propertyPath: m_SizeDelta.x
      value: 100
      objectReference: {fileID: 0}
    - target: {fileID: 7622518456059208812, guid: 825d0782660107049be541c963edf0e7,
        type: 3}
      propertyPath: m_SizeDelta.y
      value: 100
      objectReference: {fileID: 0}
    - target: {fileID: 7622518456059208812, guid: 825d0782660107049be541c963edf0e7,
        type: 3}
      propertyPath: m_AnchorMin.x
      value: 0.5
      objectReference: {fileID: 0}
    - target: {fileID: 7622518456059208812, guid: 825d0782660107049be541c963edf0e7,
        type: 3}
      propertyPath: m_AnchorMin.y
      value: 0.5
      objectReference: {fileID: 0}
    - target: {fileID: 7622518456059208812, guid: 825d0782660107049be541c963edf0e7,
        type: 3}
      propertyPath: m_AnchorMax.x
      value: 0.5
      objectReference: {fileID: 0}
    - target: {fileID: 7622518456059208812, guid: 825d0782660107049be541c963edf0e7,
        type: 3}
      propertyPath: m_AnchorMax.y
      value: 0.5
      objectReference: {fileID: 0}
    - target: {fileID: 7622518456059208812, guid: 825d0782660107049be541c963edf0e7,
        type: 3}
      propertyPath: m_Pivot.x
      value: 0.5
      objectReference: {fileID: 0}
    - target: {fileID: 7622518456059208812, guid: 825d0782660107049be541c963edf0e7,
        type: 3}
      propertyPath: m_Pivot.y
      value: 0.5
      objectReference: {fileID: 0}
    - target: {fileID: 7256246609645855462, guid: 825d0782660107049be541c963edf0e7,
        type: 3}
      propertyPath: m_Enabled
      value: 0
      objectReference: {fileID: 0}
    - target: {fileID: 937516459585895636, guid: 825d0782660107049be541c963edf0e7,
        type: 3}
      propertyPath: m_ChildAlignment
      value: 4
      objectReference: {fileID: 0}
    - target: {fileID: 8422412705576086959, guid: 825d0782660107049be541c963edf0e7,
        type: 3}
      propertyPath: m_AnchorMin.y
      value: 0
      objectReference: {fileID: 0}
    - target: {fileID: 8422412705576086959, guid: 825d0782660107049be541c963edf0e7,
        type: 3}
      propertyPath: m_AnchorMax.y
      value: 0
      objectReference: {fileID: 0}
    - target: {fileID: 8422412705576086959, guid: 825d0782660107049be541c963edf0e7,
        type: 3}
      propertyPath: m_AnchoredPosition.x
      value: 0
      objectReference: {fileID: 0}
    - target: {fileID: 8422412705576086959, guid: 825d0782660107049be541c963edf0e7,
        type: 3}
      propertyPath: m_AnchoredPosition.y
      value: 0
      objectReference: {fileID: 0}
    - target: {fileID: 1726206427222004957, guid: 825d0782660107049be541c963edf0e7,
        type: 3}
      propertyPath: m_Enabled
      value: 1
      objectReference: {fileID: 0}
    - target: {fileID: 1726206427222004957, guid: 825d0782660107049be541c963edf0e7,
        type: 3}
      propertyPath: m_Sprite
      value: 
      objectReference: {fileID: 21300038, guid: 9750ee9036122634daca012493bb67bd,
        type: 3}
    - target: {fileID: 2990705904545210269, guid: 825d0782660107049be541c963edf0e7,
        type: 3}
      propertyPath: UnitOfNumber
      value: 100
      objectReference: {fileID: 0}
    - target: {fileID: 5304897412920488573, guid: 825d0782660107049be541c963edf0e7,
        type: 3}
      propertyPath: m_AnchorMin.y
      value: 0
      objectReference: {fileID: 0}
    - target: {fileID: 5304897412920488573, guid: 825d0782660107049be541c963edf0e7,
        type: 3}
      propertyPath: m_AnchorMax.y
      value: 0
      objectReference: {fileID: 0}
    - target: {fileID: 5304897412920488573, guid: 825d0782660107049be541c963edf0e7,
        type: 3}
      propertyPath: m_AnchoredPosition.x
      value: 0
      objectReference: {fileID: 0}
    - target: {fileID: 5304897412920488573, guid: 825d0782660107049be541c963edf0e7,
        type: 3}
      propertyPath: m_AnchoredPosition.y
      value: 0
      objectReference: {fileID: 0}
    - target: {fileID: 638214748763963346, guid: 825d0782660107049be541c963edf0e7,
        type: 3}
      propertyPath: m_Enabled
      value: 1
      objectReference: {fileID: 0}
    - target: {fileID: 638214748763963346, guid: 825d0782660107049be541c963edf0e7,
        type: 3}
      propertyPath: m_Sprite
      value: 
      objectReference: {fileID: 21300038, guid: 9750ee9036122634daca012493bb67bd,
        type: 3}
    - target: {fileID: 7343202882085201250, guid: 825d0782660107049be541c963edf0e7,
        type: 3}
      propertyPath: UnitOfNumber
      value: 10
      objectReference: {fileID: 0}
    - target: {fileID: 1098952577397612184, guid: 825d0782660107049be541c963edf0e7,
        type: 3}
      propertyPath: m_AnchorMin.y
      value: 0
      objectReference: {fileID: 0}
    - target: {fileID: 1098952577397612184, guid: 825d0782660107049be541c963edf0e7,
        type: 3}
      propertyPath: m_AnchorMax.y
      value: 0
      objectReference: {fileID: 0}
    - target: {fileID: 1098952577397612184, guid: 825d0782660107049be541c963edf0e7,
        type: 3}
      propertyPath: m_AnchoredPosition.x
      value: 0
      objectReference: {fileID: 0}
    - target: {fileID: 1098952577397612184, guid: 825d0782660107049be541c963edf0e7,
        type: 3}
      propertyPath: m_AnchoredPosition.y
      value: 0
      objectReference: {fileID: 0}
    - target: {fileID: 738942306036179922, guid: 825d0782660107049be541c963edf0e7,
        type: 3}
      propertyPath: m_Enabled
      value: 1
      objectReference: {fileID: 0}
    - target: {fileID: 738942306036179922, guid: 825d0782660107049be541c963edf0e7,
        type: 3}
      propertyPath: m_Sprite
      value: 
      objectReference: {fileID: 21300038, guid: 9750ee9036122634daca012493bb67bd,
        type: 3}
    - target: {fileID: 8051537074275258273, guid: 825d0782660107049be541c963edf0e7,
        type: 3}
      propertyPath: UnitOfNumber
      value: 1
      objectReference: {fileID: 0}
    m_RemovedComponents: []
  m_SourcePrefab: {fileID: 100100000, guid: 825d0782660107049be541c963edf0e7, type: 3}
