%YAML 1.1
%TAG !u! tag:unity3d.com,2011:
--- !u!1 &2571073591619344724
GameObject:
  m_ObjectHideFlags: 0
  m_CorrespondingSourceObject: {fileID: 0}
  m_PrefabInstance: {fileID: 0}
  m_PrefabAsset: {fileID: 0}
  serializedVersion: 6
  m_Component:
  - component: {fileID: 2571073591619372404}
  - component: {fileID: 2571073591617837942}
  - component: {fileID: 2571073591615539030}
  - component: {fileID: 2571073591611492624}
  m_Layer: 0
  m_Name: FirstPersonCharacter
  m_TagString: MainCamera
  m_Icon: {fileID: 0}
  m_NavMeshLayer: 0
  m_StaticEditorFlags: 0
  m_IsActive: 1
--- !u!4 &2571073591619372404
Transform:
  m_ObjectHideFlags: 0
  m_CorrespondingSourceObject: {fileID: 0}
  m_PrefabInstance: {fileID: 0}
  m_PrefabAsset: {fileID: 0}
  m_GameObject: {fileID: 2571073591619344724}
  m_LocalRotation: {x: 0, y: 0, z: 0, w: 1}
  m_LocalPosition: {x: 0, y: 0.8, z: 0}
  m_LocalScale: {x: 1, y: 1, z: 1}
  m_Children: []
  m_Father: {fileID: 2571073591619372406}
  m_RootOrder: 0
  m_LocalEulerAnglesHint: {x: 0, y: 0, z: 0}
--- !u!20 &2571073591617837942
Camera:
  m_ObjectHideFlags: 0
  m_CorrespondingSourceObject: {fileID: 0}
  m_PrefabInstance: {fileID: 0}
  m_PrefabAsset: {fileID: 0}
  m_GameObject: {fileID: 2571073591619344724}
  m_Enabled: 1
  serializedVersion: 2
  m_ClearFlags: 1
  m_BackGroundColor: {r: 0.19215687, g: 0.3019608, b: 0.4745098, a: 0.019607844}
  m_projectionMatrixMode: 1
  m_GateFitMode: 2
  m_FOVAxisMode: 0
  m_SensorSize: {x: 36, y: 24}
  m_LensShift: {x: 0, y: 0}
  m_FocalLength: 50
  m_NormalizedViewPortRect:
    serializedVersion: 2
    x: 0
    y: 0
    width: 1
    height: 1
  near clip plane: 0.3
  far clip plane: 1000
  field of view: 60
  orthographic: 0
  orthographic size: 5
  m_Depth: 0
  m_CullingMask:
    serializedVersion: 2
    m_Bits: 4294967295
  m_RenderingPath: -1
  m_TargetTexture: {fileID: 0}
  m_TargetDisplay: 0
  m_TargetEye: 3
  m_HDR: 0
  m_AllowMSAA: 1
  m_AllowDynamicResolution: 0
  m_ForceIntoRT: 0
  m_OcclusionCulling: 1
  m_StereoConvergence: 10
  m_StereoSeparation: 0.022
--- !u!81 &2571073591615539030
AudioListener:
  m_ObjectHideFlags: 0
  m_CorrespondingSourceObject: {fileID: 0}
  m_PrefabInstance: {fileID: 0}
  m_PrefabAsset: {fileID: 0}
  m_GameObject: {fileID: 2571073591619344724}
  m_Enabled: 1
--- !u!124 &2571073591611492624
Behaviour:
  m_ObjectHideFlags: 0
  m_CorrespondingSourceObject: {fileID: 0}
  m_PrefabInstance: {fileID: 0}
  m_PrefabAsset: {fileID: 0}
  m_GameObject: {fileID: 2571073591619344724}
  m_Enabled: 1
--- !u!1 &2571073591619344726
GameObject:
  m_ObjectHideFlags: 0
  m_CorrespondingSourceObject: {fileID: 0}
  m_PrefabInstance: {fileID: 0}
  m_PrefabAsset: {fileID: 0}
  serializedVersion: 6
  m_Component:
  - component: {fileID: 2571073591619372406}
  - component: {fileID: 2571073591604964502}
  - component: {fileID: 2571073591612779702}
  - component: {fileID: 2571073591613864502}
  - component: {fileID: 2571073591615897782}
  - component: {fileID: 2275494290427726061}
  - component: {fileID: 228653805633715869}
  - component: {fileID: 255688238821264165}
  m_Layer: 0
  m_Name: PunFPSController
  m_TagString: L04
  m_Icon: {fileID: 0}
  m_NavMeshLayer: 0
  m_StaticEditorFlags: 0
  m_IsActive: 1
--- !u!4 &2571073591619372406
Transform:
  m_ObjectHideFlags: 0
  m_CorrespondingSourceObject: {fileID: 0}
  m_PrefabInstance: {fileID: 0}
  m_PrefabAsset: {fileID: 0}
  m_GameObject: {fileID: 2571073591619344726}
  m_LocalRotation: {x: 0, y: 0, z: 0, w: 1}
  m_LocalPosition: {x: 10.678819, y: 3.34, z: -3.4433594}
  m_LocalScale: {x: 1, y: 1, z: 1}
  m_Children:
  - {fileID: 2571073591619372404}
  - {fileID: 2571073591760935732}
  m_Father: {fileID: 0}
  m_RootOrder: 0
  m_LocalEulerAnglesHint: {x: 0, y: 0, z: 0}
--- !u!143 &2571073591604964502
CharacterController:
  m_ObjectHideFlags: 0
  m_CorrespondingSourceObject: {fileID: 0}
  m_PrefabInstance: {fileID: 0}
  m_PrefabAsset: {fileID: 0}
  m_GameObject: {fileID: 2571073591619344726}
  m_Material: {fileID: 0}
  m_IsTrigger: 0
  m_Enabled: 1
  serializedVersion: 2
  m_Height: 1.8
  m_Radius: 0.5
  m_SlopeLimit: 45
  m_StepOffset: 0.3
  m_SkinWidth: 0.08
  m_MinMoveDistance: 0
  m_Center: {x: 0, y: 0, z: 0}
--- !u!114 &2571073591612779702
MonoBehaviour:
  m_ObjectHideFlags: 0
  m_CorrespondingSourceObject: {fileID: 0}
  m_PrefabInstance: {fileID: 0}
  m_PrefabAsset: {fileID: 0}
  m_GameObject: {fileID: 2571073591619344726}
  m_Enabled: 1
  m_EditorHideFlags: 0
  m_Script: {fileID: 11500000, guid: 05ec5cf00ca181d45a42ba1870e148c3, type: 3}
  m_Name: 
  m_EditorClassIdentifier: 
  m_IsWalking: 0
  m_WalkSpeed: 5
  m_RunSpeed: 10
  m_RunstepLenghten: 0.7
  m_JumpSpeed: 10
  m_StickToGroundForce: 10
  m_GravityMultiplier: 2
  m_MouseLook:
    XSensitivity: 2
    YSensitivity: 2
    clampVerticalRotation: 1
    MinimumX: -90
    MaximumX: 90
    smooth: 0
    smoothTime: 5
    lockCursor: 1
  m_UseFovKick: 1
  m_FovKick:
    Camera: {fileID: 0}
    originalFov: 0
    FOVIncrease: 3
    TimeToIncrease: 1
    TimeToDecrease: 1
    IncreaseCurve:
      serializedVersion: 2
      m_Curve:
      - serializedVersion: 3
        time: 0
        value: 0
        inSlope: 0
        outSlope: 0
        tangentMode: 0
        weightedMode: 0
        inWeight: 0.33333334
        outWeight: 0.33333334
      - serializedVersion: 3
        time: 1
        value: 1
        inSlope: 2
        outSlope: 2
        tangentMode: 0
        weightedMode: 0
        inWeight: 0.33333334
        outWeight: 0.33333334
      m_PreInfinity: 2
      m_PostInfinity: 2
      m_RotationOrder: 4
  m_UseHeadBob: 1
  m_HeadBob:
    HorizontalBobRange: 0.1
    VerticalBobRange: 0.1
    Bobcurve:
      serializedVersion: 2
      m_Curve:
      - serializedVersion: 3
        time: 0
        value: 0
        inSlope: 0
        outSlope: 0
        tangentMode: 0
        weightedMode: 0
        inWeight: 0.33333334
        outWeight: 0.33333334
      - serializedVersion: 3
        time: 0.5
        value: 1
        inSlope: 0
        outSlope: 0
        tangentMode: 0
        weightedMode: 0
        inWeight: 0.33333334
        outWeight: 0.33333334
      - serializedVersion: 3
        time: 1
        value: 0
        inSlope: 0
        outSlope: 0
        tangentMode: 0
        weightedMode: 0
        inWeight: 0.33333334
        outWeight: 0.33333334
      - serializedVersion: 3
        time: 1.5
        value: -1
        inSlope: 0
        outSlope: 0
        tangentMode: 0
        weightedMode: 0
        inWeight: 0.33333334
        outWeight: 0.33333334
      - serializedVersion: 3
        time: 2
        value: 0
        inSlope: 0
        outSlope: 0
        tangentMode: 0
        weightedMode: 0
        inWeight: 0.33333334
        outWeight: 0.33333334
      m_PreInfinity: 2
      m_PostInfinity: 2
      m_RotationOrder: 4
    VerticaltoHorizontalRatio: 2
  m_JumpBob:
    BobDuration: 0.2
    BobAmount: 0.1
  m_StepInterval: 5
  m_FootstepSounds:
  - {fileID: 8300000, guid: 42e65e088b3f4374e851b8dbd38f3df9, type: 3}
  - {fileID: 8300000, guid: 8bc94ec6ed537e743b481638bdcd503d, type: 3}
  m_JumpSound: {fileID: 8300000, guid: 5897aeed9b676024fbb8c694b421a861, type: 3}
  m_LandSound: {fileID: 8300000, guid: 3b09d59f4499d45428baa7a21e954296, type: 3}
--- !u!54 &2571073591613864502
Rigidbody:
  m_ObjectHideFlags: 0
  m_CorrespondingSourceObject: {fileID: 0}
  m_PrefabInstance: {fileID: 0}
  m_PrefabAsset: {fileID: 0}
  m_GameObject: {fileID: 2571073591619344726}
  serializedVersion: 2
  m_Mass: 1
  m_Drag: 0
  m_AngularDrag: 0.05
  m_UseGravity: 1
  m_IsKinematic: 1
  m_Interpolate: 0
  m_Constraints: 0
  m_CollisionDetection: 0
--- !u!82 &2571073591615897782
AudioSource:
  m_ObjectHideFlags: 0
  m_CorrespondingSourceObject: {fileID: 0}
  m_PrefabInstance: {fileID: 0}
  m_PrefabAsset: {fileID: 0}
  m_GameObject: {fileID: 2571073591619344726}
  m_Enabled: 1
  serializedVersion: 4
  OutputAudioMixerGroup: {fileID: 0}
  m_audioClip: {fileID: 0}
  m_PlayOnAwake: 1
  m_Volume: 1
  m_Pitch: 1
  Loop: 0
  Mute: 0
  Spatialize: 0
  SpatializePostEffects: 0
  Priority: 128
  DopplerLevel: 1
  MinDistance: 1
  MaxDistance: 500
  Pan2D: 0
  rolloffMode: 0
  BypassEffects: 0
  BypassListenerEffects: 0
  BypassReverbZones: 0
  rolloffCustomCurve:
    serializedVersion: 2
    m_Curve:
    - serializedVersion: 3
      time: 0
      value: 1
      inSlope: 0
      outSlope: 0
      tangentMode: 0
      weightedMode: 0
      inWeight: 0.33333334
      outWeight: 0.33333334
    - serializedVersion: 3
      time: 1
      value: 0
      inSlope: 0
      outSlope: 0
      tangentMode: 0
      weightedMode: 0
      inWeight: 0.33333334
      outWeight: 0.33333334
    m_PreInfinity: 2
    m_PostInfinity: 2
    m_RotationOrder: 4
  panLevelCustomCurve:
    serializedVersion: 2
    m_Curve:
    - serializedVersion: 3
      time: 0
      value: 1
      inSlope: 0
      outSlope: 0
      tangentMode: 0
      weightedMode: 0
      inWeight: 0.33333334
      outWeight: 0.33333334
    m_PreInfinity: 2
    m_PostInfinity: 2
    m_RotationOrder: 0
  spreadCustomCurve:
    serializedVersion: 2
    m_Curve:
    - serializedVersion: 3
      time: 0
      value: 0
      inSlope: 0
      outSlope: 0
      tangentMode: 0
      weightedMode: 0
      inWeight: 0.33333334
      outWeight: 0.33333334
    m_PreInfinity: 2
    m_PostInfinity: 2
    m_RotationOrder: 4
  reverbZoneMixCustomCurve:
    serializedVersion: 2
    m_Curve:
    - serializedVersion: 3
      time: 0
      value: 1
      inSlope: 0
      outSlope: 0
      tangentMode: 0
      weightedMode: 0
      inWeight: 0.33333334
      outWeight: 0.33333334
    m_PreInfinity: 2
    m_PostInfinity: 2
    m_RotationOrder: 0
--- !u!114 &2275494290427726061
MonoBehaviour:
  m_ObjectHideFlags: 0
  m_CorrespondingSourceObject: {fileID: 0}
  m_PrefabInstance: {fileID: 0}
  m_PrefabAsset: {fileID: 0}
  m_GameObject: {fileID: 2571073591619344726}
  m_Enabled: 1
  m_EditorHideFlags: 0
  m_Script: {fileID: 11500000, guid: aa584fbee541324448dd18d8409c7a41, type: 3}
  m_Name: 
  m_EditorClassIdentifier: 
  ObservedComponentsFoldoutOpen: 1
  Group: 0
  prefixField: -1
  Synchronization: 3
  OwnershipTransfer: 0
  ObservedComponents:
  - {fileID: 228653805633715869}
  viewIdField: 0
  InstantiationId: 0
  isRuntimeInstantiated: 0
--- !u!114 &228653805633715869
MonoBehaviour:
  m_ObjectHideFlags: 0
  m_CorrespondingSourceObject: {fileID: 0}
  m_PrefabInstance: {fileID: 0}
  m_PrefabAsset: {fileID: 0}
  m_GameObject: {fileID: 2571073591619344726}
  m_Enabled: 1
  m_EditorHideFlags: 0
  m_Script: {fileID: 11500000, guid: 627855c7f81362d41938ffe0b1475957, type: 3}
  m_Name: 
  m_EditorClassIdentifier: 
  m_SynchronizePosition: 1
  m_SynchronizeRotation: 1
  m_SynchronizeScale: 0
--- !u!114 &255688238821264165
MonoBehaviour:
  m_ObjectHideFlags: 0
  m_CorrespondingSourceObject: {fileID: 0}
  m_PrefabInstance: {fileID: 0}
  m_PrefabAsset: {fileID: 0}
  m_GameObject: {fileID: 2571073591619344726}
  m_Enabled: 1
  m_EditorHideFlags: 0
  m_Script: {fileID: 11500000, guid: dba06396110a8d34982ae3070abfafd0, type: 3}
  m_Name: 
  m_EditorClassIdentifier: 
--- !u!1001 &2571073591760935501
PrefabInstance:
  m_ObjectHideFlags: 0
  serializedVersion: 2
  m_Modification:
    m_TransformParent: {fileID: 2571073591619372406}
    m_Modifications:
    - target: {fileID: 5575751341273368673, guid: 1976d4cb51d72ba4294ec9f74539daed,
        type: 3}
      propertyPath: m_IsKinematic
      value: 1
      objectReference: {fileID: 0}
    - target: {fileID: 5575751341273368677, guid: 1976d4cb51d72ba4294ec9f74539daed,
        type: 3}
      propertyPath: m_LocalPosition.x
      value: -0.027
      objectReference: {fileID: 0}
    - target: {fileID: 5575751341273368677, guid: 1976d4cb51d72ba4294ec9f74539daed,
        type: 3}
      propertyPath: m_LocalPosition.y
      value: -0.446
      objectReference: {fileID: 0}
    - target: {fileID: 5575751341273368677, guid: 1976d4cb51d72ba4294ec9f74539daed,
        type: 3}
      propertyPath: m_LocalPosition.z
      value: 1.841
      objectReference: {fileID: 0}
    - target: {fileID: 5575751341273368677, guid: 1976d4cb51d72ba4294ec9f74539daed,
        type: 3}
      propertyPath: m_LocalRotation.x
      value: -0
      objectReference: {fileID: 0}
    - target: {fileID: 5575751341273368677, guid: 1976d4cb51d72ba4294ec9f74539daed,
        type: 3}
      propertyPath: m_LocalRotation.y
      value: 0.7071069
      objectReference: {fileID: 0}
    - target: {fileID: 5575751341273368677, guid: 1976d4cb51d72ba4294ec9f74539daed,
        type: 3}
      propertyPath: m_LocalRotation.z
      value: -0
      objectReference: {fileID: 0}
    - target: {fileID: 5575751341273368677, guid: 1976d4cb51d72ba4294ec9f74539daed,
        type: 3}
      propertyPath: m_LocalRotation.w
      value: -0.7071067
      objectReference: {fileID: 0}
    - target: {fileID: 5575751341273368677, guid: 1976d4cb51d72ba4294ec9f74539daed,
        type: 3}
      propertyPath: m_RootOrder
      value: 1
      objectReference: {fileID: 0}
    - target: {fileID: 5575751341273368677, guid: 1976d4cb51d72ba4294ec9f74539daed,
        type: 3}
      propertyPath: m_LocalEulerAnglesHint.x
      value: 0
      objectReference: {fileID: 0}
    - target: {fileID: 5575751341273368677, guid: 1976d4cb51d72ba4294ec9f74539daed,
        type: 3}
      propertyPath: m_LocalEulerAnglesHint.y
      value: 270
      objectReference: {fileID: 0}
    - target: {fileID: 5575751341273368677, guid: 1976d4cb51d72ba4294ec9f74539daed,
        type: 3}
      propertyPath: m_LocalEulerAnglesHint.z
      value: 0
      objectReference: {fileID: 0}
    - target: {fileID: 5575751341273368687, guid: 1976d4cb51d72ba4294ec9f74539daed,
        type: 3}
      propertyPath: m_Name
      value: L04
      objectReference: {fileID: 0}
    m_RemovedComponents: []
  m_SourcePrefab: {fileID: 100100000, guid: 1976d4cb51d72ba4294ec9f74539daed, type: 3}
--- !u!4 &2571073591760935732 stripped
Transform:
  m_CorrespondingSourceObject: {fileID: 5575751341273368677, guid: 1976d4cb51d72ba4294ec9f74539daed,
    type: 3}
  m_PrefabInstance: {fileID: 2571073591760935501}
  m_PrefabAsset: {fileID: 0}
